@inproceedings{calandriello2015large-scale,
abstract = {We introduce Sparse-HFS, a scalable algorithm that can compute solutions to SSL problems using only O(n polylog(n)) space and O(m polylog(n)) time.},
author = {Calandriello, Daniele and Lazaric, Alessandro and Valko, Michal},
booktitle = {Resource-Efficient Machine Learning workshop at International Conference on Machine Learning},
title = {{Large-scale semi-supervised learning with online spectral graph sparsification}},
year = {2015}
}
