@inproceedings{gautier2019two,
author = {Gautier, Guillaume and Bardenet, R{\'{e}}mi and Valko, Michal},
booktitle = {Neural Information Processing Systems},
title = {{On two ways to use determinantal point processes for Monte-Carlo integration}},
year = {2019}
}
