@MASTERSTHESIS{valko2005evolving,
   author = "Michal Valko",
   title = "Evolving Neural Networks for Statistical Decision Theory",
   school = "Comenius University, Bratislava, Slovakia",
   year = "2005",
   month = "June"
}
