@inproceedings{gautier2019processus,
abstract = {For the session ``Mathematical tools in machine learning", we propose a short survey of determinantal point processes, a popular probabilistic model and tool in machine learning, which already has promising applications in signal processing.},
author = {Gautier, Guillaume and Bardenet, R{\'{e}}mi and Valko, Michal},
booktitle = {Symposium of the Signal and Image Processing Study Group},
title = {{Les processus ponctuels d{\'{e}}terminantaux en apprentissage automatique}},
year = {2019}
}
