@inproceedings{grill2019planning,
author = {Grill, Jean-Bastien and Domingues, Omar Darwiche and M{\'{e}}nard, Pierre and Munos, R{\'{e}}mi and Valko, Michal},
booktitle = {Neural Information Processing Systems},
title = {{Planning in entropy-regularized Markov decision processes and games}},
year = {2019}
}
