@inproceedings{rowland2019multiagent,
author = {Rowland, Mark and Omidshafiei, Shayegan and Tuyls, Karl and P{\'{e}}rolat, Julien and Valko, Michal and Piliouras, Georgios and Munos, R{\'{e}}mi},
booktitle = {Neural Information Processing Systems},
title = {{Multiagent evaluation under incomplete information}},
year = {2019}
}
